% @article{investigate,
% 	author="А. О. Исупов",
% 	title="Актуальные киберугрозы: IV квартал 2022 года [Электронный ресурс]",
% 	journal="Россия, Positive Technologies Researches",
% 	year=2022,
% 	language="russian",
% 	note="URL: \url{https://www.ptsecurity.com/ru-ru/research/analytics/cybersecurity-threatscape-2022-q1/}"
% }

% @article{second,
% 	author="А. В. Лукацкий",
% 	title="Обнаружение сетевых атак",
% 	journal="Россия, СПб, БХВ-Петербург",
% 	year=2016,
% 	language="russian",
% }

% @article{third,
% 	author="В. Ф. Шаньгин",
% 	title="Информационная безопасность компьютерных систем и сетей",
% 	journal="Россия, Москва, ИНФРА-М",
% 	year=2018,
% 	language="russian",
% }


% @article{fourth,
% 	author="F. Seredinski",
% 	title="Anomaly detection in TCP/IP networks using immune systems paradigm",
% 	journal="Poland, Warsaw, Computer Communications",
% 	year=2010,
% 	language="english",
% }

% @article{fifth,
% 	author="S. A. Hofmeyr",
% 	title="Architecture for an Artificial Immune System",
% 	journal="Journal of Evolutionary Computation",
% 	year=2010,
% 	language="english",
% }

% @article{six,
% 	author="W. H. Chen",
% 	title="Application of SVM and ANN for intrusion detection",
% 	journal="Computers and Operations Research",
% 	year=2011,
% 	language="english",
% }

% @article{seventh,
% 	author="L. Vaitsekhovich",
% 	title="Intrusion Detection in TCP/IP Networks Using Immune Systems Paradigm and Neural Network Detectors",
% 	journal="XI International PhD Workshop OWD",
% 	year=2019,
% 	language="english",
% }


% @article{eight,
% 	author="M. Komar",
% 	title="Development of Neural Network Immune Detectors for Computer Attacks Recognition and Classification",
% 	journal="IEEE 7th Intern. Conf. on Intelligent Data Acquisition and Advanced Computing Systems",
% 	year=2013,
% 	language="english",
% }


% @article{nine,
% 	author="И. В. Котенко",
% 	title="Использование многоагентных технологий для комплексной защиты информации в компьютерных сетях",
% 	journal="Россия, Томск, Известия ТРТУ",
% 	year=2001,
% 	language="russian",
% }


% @article{ten,
% 	author="А. В. Уланов",
% 	title="Проактивные механизмы защиты от сетевых червей: подход, реализация и результаты экспериментов",
% 	journal="Россия, Омск, Информационные технологии ОГУ",
% 	year=2014,
% 	language="russian",
% }

% @article{eleven,
% 	author="M. Govindarajan",
% 	title="Intrusion Detection Using an Ensemble of Classification Methods",
% 	journal="Proc. of the World Congress on Engineering and Computer Science",
% 	year=2012,
% 	language="english",
% }

% @article{twelve,
% 	author="A. Abraham",
% 	title="Distributed intrusion detection systems: a computational intelligence approach",
% 	journal="Applications of Information Systems to Homeland Security and Defense",
% 	year=2015,
% 	language="english",
% }

% @article{thirteen,
% 	author="S. T. Powers",
% 	title="Hybrid Artificial Immune System and Self Organising Map for Network Intrusion Detection",
% 	journal="Information Sciences",
% 	year=2018,
% 	language="english",
% }

% @article{fourteen,
% 	author="S. D. Sharma",
% 	title="Improved Algorithm for Intrusion Detection Using Genetic Algorithm and SNORT",
% 	journal="International Journal of Emerging Technology and Advanced Engineering",
% 	year=2014,
% 	language="english",
% }

% @article{fifthteen,
% 	author="J. Cannady",
% 	title="The Application of Artificial Neural Networks to Misuse Detection: Initial Results",
% 	journal="Proceedings of the 1st International Workshop on Recent Advances in Intrusion Detection",
% 	year=2008,
% 	language="english",
% }

% @article{sixtheen,
% 	author="D. Battulga",
% 	title="Classification of Artificial Intelligence IDS for Smurf Attack",
% 	journal="International Journal of Artificial Intelligence and Applications",
% 	year=2012,
% 	language="english",
% }

% @article{seventheen,
% 	author="J. Mirkovic",
% 	title="A Practical  IP Spoofing  Defense through Route-Based Fltering",
% 	journal="International Journal of Artificial Intelligence and Applications",
% 	year=2015,
% 	language="english",
% }

% @misc{
% 	linearreg,
% 	title="О линейной регрессии - Российская Федерация | IBM [Электронный ресурс]",
% 	howpublished="Режим доступа: \url{https://www.ibm.com/ru-ru/analytics/learn/linear-regression} (дата обращения 04.02.2022)"
% }


% @article{classifiers,
% 	author = {Jijo, Bahzad and Mohsin Abdulazeez, Adnan},
% 	year = {2021},
% 	month = {01},
% 	pages = {20-28},
% 	title = {Classification Based on Decision Tree Algorithm for Machine Learning},
% 	volume = {2},
% 	journal = {Journal of Applied Science and Technology Trends}
% }

% @article{choice,
% 	author = {Reif, Matthias and Shafait, Faisal and Goldstein, Markus and Breuel, Thomas and Dengel, Andreas},
% 	year = {2012},
% 	month = {02},
% 	pages = {},
% 	title = {Automatic Classifier Selection for Non-Experts},
% 	volume = {17},
% 	journal = {Pattern Analysis and Applications},
% 	doi = {10.1007/s10044-012-0280-z}
% }

% @article{euclidian,
% 	author = {Suwanda, R and Syahputra, Zulfahmi and Zamzami, E},
% 	year = {2020},
% 	month = {06},
% 	pages = {012058},
% 	title = {Analysis of Euclidean Distance and Manhattan Distance in the K-Means Algorithm for Variations Number of Centroid K},
% 	volume = {1566},
% 	journal = {Journal of Physics: Conference Series},
% 	doi = {10.1088/1742-6596/1566/1/012058}
% }

% @article{unsw,
% 	author = {Moustafa, N and Slay, J},
% 	year = {2015},
% 	month = {11},
% 	pages = {1-6},
% 	title = {UNSW-NB15: a comprehensive data set for network intrusion detection systems (UNSW-NB15 network data set)},
% 	volume = {},
% 	journal = {Military Communications and Information Systems Conference}
% }




% @misc{
% 	neuralnet,
% 	title="Что такое нейронные сети? - Российская Федерация | IBM [Электронный ресурс]",
% 	howpublished="Режим доступа: \url{https://www.ibm.com/ru-ru/cloud/learn/neural-networks} (дата обращения 04.02.2022)"
% }




% @misc{svm,
% 	title="Метод опорных векторов - Университет ИТМО [Электронный ресурс]",
% 	howpublished="Режим доступа: \url{https://neerc.ifmo.ru/wiki/index.php?title=Метод_опорных_векторов_(SVM)} (дата обращения 10.05.2022)"
% }



@misc{python,
	title="Welcome to Python.org [Электронный ресурс]",
	howpublished="Режим доступа: \url{https://www.python.org/} (дата обращения 18.05.2023)"
}


@misc{scikit,
	title="Scikit-learn [Электронный ресурс]",
	howpublished="Режим доступа: \url{https://scikit-learn.org/stable/} (дата обращения 18.05.2023)"
}

@misc{pyqt,
	title="PyQt5 [Электронный ресурс]",
	howpublished="Режим доступа: \url{https://pypi.org/project/PyQt5/} (дата обращения 18.05.2023)"
}

@misc{matplot,
	title="Matplotlib [Электронный ресурс]",
	howpublished="Режим доступа: \url{https://matplotlib.org} (дата обращения 18.05.2023)"
}

@misc{numpy,
	title="NumPy [Электронный ресурс]",
	howpublished="Режим доступа: \url{https://numpy.org} (дата обращения 18.05.2023)"
}

@misc{torch,
	title="PyTorch [Электронный ресурс]",
	howpublished="Режим доступа: \url{https://pytorch.org/} (дата обращения 18.05.2023)"
}

@misc{scikitsvm,
	title="scikit-learn 1.1.0 documentation [Электронный ресурс]",
	howpublished="Режим доступа: \url{https://scikit-learn.org/stable/modules/svm.html/} (дата обращения 18.05.2023)"
}

@misc{pddataframe,
	title="pandas.DataFrame [Электронный ресурс]",
	howpublished="Режим доступа: \url{https://pandas.pydata.org/pandas-docs/stable/reference/api/pandas.DataFrame.html} (дата обращения 18.05.2023)"
}
